<record><leader>00000cas a22000007a 4500</leader><controlfield tag="001">29787818</controlfield><controlfield tag="008">940211d19191919okuwr ne      0    0eng d</controlfield><datafield ind1=" " ind2=" " tag="010"><subfield code="a">sn 94058752 </subfield></datafield><datafield ind1=" " ind2=" " tag="040"><subfield code="a">OBN</subfield><subfield code="b">eng</subfield><subfield code="c">OBN</subfield><subfield code="d">OCL</subfield><subfield code="d">OCLCQ</subfield></datafield><datafield ind1=" " ind2=" " tag="042"><subfield code="a">msc</subfield></datafield><datafield ind1="0" ind2="4" tag="245"><subfield code="a">The Cleveland leader and Cleveland enterprise.</subfield></datafield><datafield ind1="1" ind2="3" tag="246"><subfield code="a">Cleveland leader</subfield></datafield><datafield ind1=" " ind2=" " tag="260"><subfield code="a">Cleveland, Pawnee County, Okla. :</subfield><subfield code="b">F. Larkin</subfield></datafield><datafield ind1=" " ind2=" " tag="300"><subfield code="a">v.</subfield></datafield><datafield ind1=" " ind2=" " tag="310"><subfield code="a">Weekly</subfield></datafield><datafield ind1="0" ind2=" " tag="362"><subfield code="a">-v. 10, no. 4 (Aug. 28, 1919).</subfield></datafield><datafield ind1=" " ind2=" " tag="588"><subfield code="a">Description based on: Vol. 9, no. 31 (Mar. 6, 1919).</subfield></datafield><datafield ind1=" " ind2="4" tag="651"><subfield code="a">Cleveland (Okla.)</subfield><subfield code="v">Newspapers.</subfield></datafield><datafield ind1=" " ind2="4" tag="651"><subfield code="a">Pawnee County (Okla.)</subfield><subfield code="v">Newspapers.</subfield></datafield><datafield ind1=" " ind2=" " tag="752"><subfield code="a">United States</subfield><subfield code="b">Oklahoma</subfield><subfield code="c">Pawnee</subfield><subfield code="d">Cleveland.</subfield></datafield><datafield ind1="0" ind2="4" tag="780"><subfield code="t">Cleveland leader (Cleveland, Okla. : 1910)</subfield><subfield code="w">(DLC)sn 94058751</subfield><subfield code="w">(OCoLC)29787723</subfield></datafield><datafield ind1="0" ind2="4" tag="780"><subfield code="t">Cleveland enterprise (Cleveland, Okla.)</subfield><subfield code="w">(DLC)sn 94058750</subfield><subfield code="w">(OCoLC)29787411</subfield></datafield><datafield ind1="0" ind2="0" tag="785"><subfield code="t">Cleveland American and the Cleveland leader</subfield><subfield code="w">(DLC)sn 94058753</subfield><subfield code="w">(OCoLC)29787876</subfield></datafield><datafield ind1="1" ind2=" " tag="029"><subfield code="a">AU@</subfield><subfield code="b">000010884875</subfield></datafield></record>